include/smb137.bib