%% This BibTeX bibliography file was created using BibDesk.
%% http://bibdesk.sourceforge.net/


%% Created for Rémi LEBLOND at 2015-12-12 00:06:50 +0100


%% Saved with string encoding Unicode (UTF-8)



@url{AuFS,
	Author = {Fhh},
	Date-Added = {2015-12-11 23:06:04 +0000},
	Date-Modified = {2015-12-11 23:06:44 +0000},
	Lastchecked = {12/12/2015},
	Title = {AuFS : Unir les contenus de r{\'e}pertoires},
	Urldate = {https://www.admin-linux.fr/?p=9308}}

@url{docker,
	Author = {Docker inc},
	Date-Added = {2015-11-16 20:43:59 +0000},
	Date-Modified = {2015-11-16 20:51:23 +0000},
	Title = {What is Docker ?},
	Urldate = {https://www.docker.com/what-docker}}

@url{XPoint,
	Author = {01Net},
	Date-Added = {2015-11-13 22:38:20 +0000},
	Date-Modified = {2015-11-13 22:39:57 +0000},
	Keywords = {SSD Intel Micron},
	Month = {07},
	Title = {Intel et Micron d{\'e}voilent une nouvelle m{\'e}moire pour des SSD 1000 fois plus rapides},
	Urldate = {http://www.01net.com/actualites/intel-et-micron-devoilent-une-nouvelle-memoire-pour-des-ssd-1000-fois-plus-rapides-661201.html},
	Year = {2015}}

@misc{wp-neumann,
	Author = {Wikip{\'e}dia},
	Date-Added = {2015-09-23 20:30:07 +0000},
	Date-Modified = {2015-09-23 20:31:01 +0000},
	Howpublished = {\url{https://fr.wikipedia.org/wiki/John_von_Neumann}},
	Month = {09},
	Title = {John von Neumann},
	Year = {2015}}

@misc{wp-turing,
	Author = {Wikip{\'e}dia},
	Date-Added = {2015-09-23 20:25:53 +0000},
	Date-Modified = {2015-09-23 20:27:09 +0000},
	Howpublished = {\url{https://fr.wikipedia.org/wiki/Alan_Turing}},
	Month = {09},
	Title = {Alan Turing},
	Year = {2015}}

@misc{wp-adressage,
	Author = {Wikip{\'e}dia},
	Date-Added = {2014-11-07 21:06:55 +0000},
	Date-Modified = {2014-11-07 21:10:44 +0000},
	Month = {11},
	Title = {Mode d'adressage},
	Url = {http://fr.wikipedia.org/wiki/Mode_d'adressage},
	Year = {2014},
	Bdsk-Url-1 = {http://fr.wikipedia.org/wiki/Mode_d'adressage}}

@misc{wp-assembleur,
	Author = {Wikip{\'e}dia},
	Date-Added = {2013-10-04 20:54:13 +0000},
	Date-Modified = {2013-10-04 20:55:05 +0000},
	Howpublished = {\url{https://fr.wikipedia.org/wiki/Assembleur}},
	Month = {10},
	Title = {Assembleur},
	Year = {2013},
	Bdsk-Url-1 = {https://fr.wikipedia.org/wiki/Wikip%C3%A9dia:Accueil_principal}}

@misc{wp-saas,
	Author = {Wikip{\'e}dia},
	Date-Added = {2013-11-02 20:54:13 +0000},
	Date-Modified = {2013-11-02 20:55:05 +0000},
	Howpublished = {\url{http://en.wikipedia.org/wiki/Software_as_a_service}},
	Month = {11},
	Title = {Software as a service},
	Year = {2013},
	Bdsk-Url-1 = {http://en.wikipedia.org/wiki/Software_as_a_service}}

@misc{intro-cloud,
	Author = {SysDis},
	Date-Added = {2013-11-02 20:47:21 +0000},
	Date-Modified = {2013-11-02 20:47:21 +0000},
	Howpublished = {\url{http://communication.sysdis.fr/2012/05/09/cloud-computing-dfinitions-et-notions-de-base/}},
	Month = {11},
	Title = {Cloud Computing : D{\'e}finitions et notions de base},
	Year = {2013},
	Bdsk-Url-1 = {http://communication.sysdis.fr/2012/05/09/cloud-computing-dfinitions-et-notions-de-base/}}

@misc{wp-compilateur,
	Author = {Wikip{\'e}dia},
	Date-Added = {2013-10-04 20:47:21 +0000},
	Date-Modified = {2013-10-04 20:47:57 +0000},
	Howpublished = {\url{https://fr.wikipedia.org/wiki/Compilateur}},
	Month = {10},
	Title = {Compilateur},
	Year = {2013},
	Bdsk-Url-1 = {https://fr.wikipedia.org/wiki/Wikip%C3%A9dia:Accueil_principal}}

@misc{wp-apix86,
	Author = {Wikip{\'e}dia},
	Date-Added = {2013-10-04 20:39:34 +0000},
	Date-Modified = {2013-10-04 20:40:29 +0000},
	Howpublished = {\url{https://fr.wikipedia.org/wiki/Jeu_d%27instructions_x86#Instructions_originales_des_8086.2F8088}},
	Month = {10},
	Title = {Jeu d'instructions x86},
	Year = {2013}}

@misc{wp-flynn,
	Author = {Wikip{\'e}dia},
	Date-Added = {2013-09-26 20:23:48 +0000},
	Date-Modified = {2013-09-26 20:24:19 +0000},
	Howpublished = {\url{http://fr.wikipedia.org/wiki/Taxinomie_de_Flynn}},
	Month = {9},
	Title = {Taxinomie de Flynn},
	Year = {2013}}

@misc{wp-flops,
	Author = {Wikip{\'e}dia},
	Date-Added = {2013-09-26 19:55:30 +0000},
	Date-Modified = {2013-09-26 19:55:59 +0000},
	Howpublished = {\url{http://fr.wikipedia.org/wiki/FLOPS}},
	Month = {9},
	Title = {FLOPS},
	Year = {2013}}

@misc{wp-botnet,
	Author = {Wikip{\'e}dia},
	Date-Added = {2013-09-26 19:23:35 +0000},
	Date-Modified = {2013-09-26 19:23:57 +0000},
	Howpublished = {\url{http://fr.wikipedia.org/wiki/Botnet}},
	Month = {9},
	Title = {Botnet},
	Year = {2013}}

@misc{wp-cloud,
	Author = {Wikip{\'e}dia},
	Date-Added = {2013-09-26 19:00:38 +0000},
	Date-Modified = {2013-09-26 19:01:17 +0000},
	Howpublished = {\url{http://fr.wikipedia.org/wiki/Cloud_Computing}},
	Keywords = {Cloud},
	Month = {09},
	Title = {Cloud computing},
	Year = {2013}}

@misc{wp-IaaS,
	Author = {Wikip{\'e}dia},
	Date-Added = {2013-09-26 18:52:30 +0000},
	Date-Modified = {2013-09-26 18:53:16 +0000},
	Howpublished = {\url{http://fr.wikipedia.org/wiki/Infrastructure_as_a_service}},
	Keywords = {Cloud},
	Month = {09},
	Title = {Infrastructure as a service},
	Year = {2013}}

@misc{wp-openstack,
	Author = {Wikip{\'e}dia},
	Date-Added = {2013-09-26 18:47:45 +0000},
	Date-Modified = {2013-09-26 18:48:28 +0000},
	Howpublished = {\url{http://fr.wikipedia.org/wiki/OpenStack}},
	Keywords = {cloud},
	Month = {09},
	Title = {OpenStack},
	Year = {2013}}

@misc{wp-hadoop,
	Author = {Wikip{\'e}dia},
	Date-Added = {2013-09-26 18:45:26 +0000},
	Date-Modified = {2013-09-26 18:46:50 +0000},
	Howpublished = {\url{http://fr.wikipedia.org/wiki/Hadoop}},
	Keywords = {HADOOP BigData Cloud},
	Month = {11},
	Title = {Hadoop},
	Year = {2013}}

@misc{wp-harvard,
	Author = {Wikip{\'e}dia},
	Date-Added = {2012-11-16 21:02:40 +0000},
	Date-Modified = {2012-11-16 21:07:55 +0000},
	Month = {11},
	Title = {Architecture Harvard},
	Url = {http://fr.wikipedia.org/wiki/Architecture_Harvard},
	Year = {2012},
	Bdsk-Url-1 = {http://fr.wikipedia.org/wiki/Architecture_Harvard}}

@webpage{B1700,
	Author = {Burroughs photo gallery},
	Date-Added = {2012-10-27 13:34:53 +0000},
	Date-Modified = {2012-10-27 13:41:56 +0000},
	Lastchecked = {27/10/2012},
	Month = {d{\'e}cembre},
	Title = {Burroughs B1700},
	Url = {http://www.picklesnet.com/burroughs/gallery/bpgb1700.htm},
	Year = {2011},
	Bdsk-Url-1 = {http://www.picklesnet.com/burroughs/gallery/bpgb1700.htm}}

@misc{wp-cpu,
	Author = {Wikip{\'e}dia},
	Howpublished = {\url{http://fr.wikipedia.org/wiki/Processeur}},
	Publisher = {Wikip{\'e}dia},
	Title = {Processeur},
	Year = {2011}}

@misc{wp-ji,
	Author = {Wikip{\'e}dia},
	Howpublished = {\url{http://fr.wikipedia.org/wiki/Jeu_d'instructions}},
	Publisher = {Wikip{\'e}dia},
	Title = {Jeu d'instructions},
	Year = {2011}}

@book{pase,
	Author = {A. Silberschatz and P. Galvin and G. Gagne},
	Publisher = {Vuibert},
	Title = {Principes appliqu{\'e}s des syst{\`e}mes d'exploitation},
	Year = {2001}}

@misc{wp-bios,
	Author = {Wikip{\'e}dia},
	Howpublished = {\url{http://fr.wikipedia.org/wiki/Basic_Input_Output_System}},
	Publisher = {Wikip{\'e}dia},
	Title = {Basic Input Output System},
	Year = {2012}}

@misc{wp-uefi,
	Author = {Wikip{\'e}dia},
	Howpublished = {\url{http://fr.wikipedia.org/wiki/Unified_Extensible_Firmware_Interface}},
	Publisher = {Wikip{\'e}dia},
	Title = {Unified Extensible Firmware Interface},
	Year = {2012}}

@misc{wp-os,
	Author = {Wikip{\'e}dia},
	Howpublished = {\url{http://fr.wikipedia.org/wiki/Systeme_exploitation}},
	Publisher = {Wikip{\'e}dia},
	Title = {Syst{\`e}me d'exploitation},
	Year = {2011}}

@misc{wp-mab,
	Author = {Wikip{\'e}dia},
	Howpublished = {\url{http://fr.wikipedia.org/wiki/Machine_analytique}},
	Publisher = {Wikip{\'e}dia},
	Title = {Machine analytique},
	Year = {2012}}

@misc{xbits,
	Author = {XBits Laboratories},
	Howpublished = {\url{http://www.xbitlabs.com}},
	Publisher = {XBits Laboratories},
	Title = {Hardware news},
	Year = {2012}}

@misc{wp-zuse,
	Author = {Wikip{\'e}dia},
	Howpublished = {\url{http://fr.wikipedia.org/wiki/Konrad_Zuse}},
	Publisher = {Wikip{\'e}dia},
	Title = {Konrad Zuse},
	Year = {2012}}

@misc{wp-cupid,
		Author = {Wikip{\'e}dia},
		Howpublished = {\url{https://en.wikipedia.org/wiki/CPUID}},
		Publisher = {Wikip{\'e}dia},
		Title = {CPUID},
		Year = {2017}}

@misc{wp-san,
		Author = {Wikip{\'e}dia},
		Howpublished = {\url{https://fr.wikipedia.org/wiki/R%C3%A9seau_de_stockage_SAN}},
		Publisher = {Wikip{\'e}dia},
		Title = {Réseau de stockage SAN},
		Year = {2017}}

@misc{ccm-cpu,
	Author = {CommentCaMarche},
	Howpublished = {\url{http://www.commentcamarche.net/contents/pc/processeur.php3}},
	Publisher = {CommentCaMarche},
	Title = {Processeur},
	Year = {2010}}

@book{tanen,
	Author = {Andrew Tanenbaum},
	Publisher = {Pearson {\'e}ducation},
	Title = {Architecture de l'ordinateur},
	Year = {2005}}
